<collection xmlns="http://www.loc.gov/MARC21/slim">
<record>
  <leader>01214nam0a22002291i 450 </leader>
  <controlfield tag="001">IT\ICCU\CNCE\079318</controlfield>
  <controlfield tag="005">20170113000000.0</controlfield>
  <datafield tag="012" ind1=" " ind2=" ">
    <subfield code="a">t.s: i.go s.t, DaSi (3) 1599 (Q)</subfield>
    <subfield code="2">fei</subfield>
  </datafield>
  <datafield tag="100" ind1=" " ind2=" ">
    <subfield code="a">20170113f1599        0itac0103    ba</subfield>
  </datafield>
  <datafield tag="101" ind1=" " ind2=" ">
    <subfield code="a">ITA</subfield>
  </datafield>
  <datafield tag="102" ind1=" " ind2=" ">
    <subfield code="a">IT</subfield>
  </datafield>
  <datafield tag="200" ind1="1" ind2=" ">
    <subfield code="a">Poemata varia, in iuris vtriusque laurea, illustrissimo d. abbati Ioanni Francisco Sorbellono, incredibili patrum onium applausu delata ...</subfield>
  </datafield>
  <datafield tag="210" ind1=" " ind2=" ">
    <subfield code="a"></subfield>
    <subfield code="c">apud hr̆. Hierony. Bartoli</subfield>
    <subfield code="d">\1599!</subfield>
  </datafield>
  <datafield tag="215" ind1=" " ind2=" ">
    <subfield code="a">57 \i.e. 53!, \7! p.</subfield>
    <subfield code="d">16ʻ</subfield>
  </datafield>
  <datafield tag="300" ind1=" " ind2=" ">
    <subfield code="a">La data si ricava da un&apos;altra edizione pubblicata dallo stesso editore per la medesima occasione, cfr.: Componimenti di diuersi nel dottorato di leggi dell&apos;illustrissimo sig. abbate Gio. Francesco Sorbellono ...</subfield>
  </datafield>
  <datafield tag="620" ind1=" " ind2=" ">
    <subfield code="a">IT</subfield>
    <subfield code="d">Pavia</subfield>
  </datafield>
  <datafield tag="712" ind1="0" ind2="0">
    <subfield code="a">Bartoli, Girolamo - eredi</subfield>
    <subfield code="3">IT\ICCU\CNCT\000018</subfield>
    <subfield code="4">650</subfield>
  </datafield>
  <datafield tag="801" ind1=" " ind2="3">
    <subfield code="a">IT</subfield>
    <subfield code="b">ICCU</subfield>
    <subfield code="c">20201115</subfield>
  </datafield>
  <datafield tag="899" ind1=" " ind2=" ">
    <subfield code="a">Biblioteca universitaria. Pavia</subfield>
    <subfield code="1">PV0291</subfield>
    <subfield code="2">MIL UP</subfield>
  </datafield>
  <datafield tag="899" ind1=" " ind2=" ">
    <subfield code="a">Biblioteca agnesiana e diocesana. Vercelli</subfield>
    <subfield code="1">VC0072</subfield>
    <subfield code="2">TO0 C4</subfield>
  </datafield>
  <datafield tag="911" ind1=" " ind2=" ">
    <subfield code="a">Sul front.</subfield>
    <subfield code="9">IT\ICCU\CNCM\002414</subfield>
  </datafield>
  <datafield tag="921" ind1=" " ind2=" ">
    <subfield code="a">IT\ICCU\CNCM\002414</subfield>
    <subfield code="b">Idra con sei teste, la settima mozzata giace a terra. In cornice figurata.</subfield>
    <subfield code="e">Virescit vulnere virtus</subfield>
    <subfield code="c">U943</subfield>
    <subfield code="f">IDRA</subfield>
    <subfield code="f">TESTA</subfield>
    <subfield code="f">VIRESCITVU</subfield>
    <subfield code="g">1595-[1599]</subfield>
  </datafield>
</record>
</collection>
